
@misc{gpt4,
  author       = {OpenAI},
  howpublished = {https://chat.openai.com},
  title        = {ChatGPT (20-05 GPT-4o)},
  year         = {2024}
}

@misc{reconstruction,
    author  = "Mircea Lungo",
    title   = "Lecture notes on architectural reconstruction",
    year    = 2024,
    month   = {April},
    url = {https://github.com/mircealungu/reconstruction},
    urldate = {28-05-2024} 
}

@misc{pyvis,
    title={Network visualizations with Pyvis and VisJS}, 
    author={Giancarlo Perrone and Jose Unpingco and Haw-minn Lu},
    year={2020},
    eprint={2006.04951},
    archivePrefix={arXiv},
    primaryClass={cs.SI}
}

@misc{networkx,
  title={Exploring network structure, dynamics, and function using NetworkX},
  author={Hagberg, Aric and Swart, Pieter and S Chult, Daniel},
  year={2008},
  institution={Los Alamos National Lab.(LANL), Los Alamos, NM (United States)}
}
